<record><leader>00000cas a22000007a 4500</leader><controlfield tag="001">10010530</controlfield><controlfield tag="008">831013d18481849pauwr ne      0   a0eng d</controlfield><datafield ind1=" " ind2=" " tag="010"><subfield code="a">sn 83025920 </subfield></datafield><datafield ind1=" " ind2=" " tag="040"><subfield code="a">NPV</subfield><subfield code="b">eng</subfield><subfield code="c">NPV</subfield><subfield code="d">NPH</subfield><subfield code="d">OCLCQ</subfield></datafield><datafield ind1=" " ind2=" " tag="042"><subfield code="a">msc</subfield></datafield><datafield ind1=" " ind2=" " tag="043"><subfield code="a">n-us-pa</subfield></datafield><datafield ind1=" " ind2=" " tag="045"><subfield code="a">w4w4</subfield></datafield><datafield ind1=" " ind2=" " tag="052"><subfield code="a">3823</subfield><subfield code="b">W2</subfield></datafield><datafield ind1="0" ind2="0" tag="245"><subfield code="a">Allegheny mail.</subfield></datafield><datafield ind1=" " ind2=" " tag="260"><subfield code="a">Warren, Pa. :</subfield><subfield code="b">J. Warren Fletcher,</subfield><subfield code="c">-1849.</subfield></datafield><datafield ind1=" " ind2=" " tag="300"><subfield code="a">v. ;</subfield><subfield code="c">64 cm.</subfield></datafield><datafield ind1=" " ind2=" " tag="310"><subfield code="a">Weekly</subfield></datafield><datafield ind1="0" ind2=" " tag="362"><subfield code="a">-v. 2, no. 17 (Nov. 13, 1849).</subfield></datafield><datafield ind1="1" ind2=" " tag="362"><subfield code="a">Began with July 25, 1848 issue.</subfield></datafield><datafield ind1=" " ind2=" " tag="500"><subfield code="a">Publisher: E. Cowan, &lt;1849&gt;.</subfield></datafield><datafield ind1=" " ind2=" " tag="588"><subfield code="a">Description based on: Vol. 1, no. 2 (Aug. 1, 1848).</subfield></datafield><datafield ind1="1" ind2=" " tag="700"><subfield code="a">Cowan, E.</subfield></datafield><datafield ind1=" " ind2=" " tag="752"><subfield code="a">United States</subfield><subfield code="b">Pennsylvania</subfield><subfield code="c">Warren</subfield><subfield code="d">Warren.</subfield></datafield><datafield ind1="0" ind2="0" tag="785"><subfield code="t">Warren mail</subfield><subfield code="w">(DLC)sn 83025921</subfield></datafield></record>